 
% ksiazka
@Book{bib:ksiazka,
  Title                    = {Tytu{\l} ksi{\k{a}}{\.{z}}ki},
  Author                   = {Imi{\k{e}} Nazwisko and Imi{\k{e}} Nazwisko},
  Publisher                = {Wydawnictwo},
  Year                     = {2017},
  Address                  = {Warszawa},
  ISBN                     = {83-204-3229-9-434}
}
@article{lecun1998gradient,
  title={{G}radient-based learning applied to document recognition},
  author={LeCun, Yann and Bottou, L{\'e}on and Bengio, Yoshua and Haffner, Patrick},
  journal={Proceedings of the IEEE},
  volume={86},
  number={11},
  pages={2278--2324},
  year={1998},
  publisher={Ieee}
}

@article{simonyan2014very,
  title={{V}ery deep convolutional networks for large-scale image recognition},
  author={Simonyan, Karen and Zisserman, Andrew},
  journal={arXiv preprint arXiv:1409.1556},
  year={2014}
}
@inproceedings{he2016deep,
  title={{D}eep residual learning for image recognition},
  author={He, Kaiming and Zhang, Xiangyu and Ren, Shaoqing and Sun, Jian},
  booktitle={Proceedings of the IEEE Conference on Computer Vision and Pattern Recognition},
  pages={770--778},
  year={2016}
}


@article{krizhevsky2012imagenet,
  title={{I}magenet classification with deep convolutional neural networks},
  author={Krizhevsky, Alex and Sutskever, Ilya and Hinton, Geoffrey E},
  journal={Advances in Neural Information Processing Systems},
  volume={25},
  pages={1097--1105},
  year={2012}
}


@inproceedings{nair2010rectified,
  title={{R}ectified linear units improve restricted boltzmann machines},
  author={Nair, Vinod and Hinton, Geoffrey E},
  booktitle={Icml},
  year={2010}
}

@article{ramachandran2017searching,
  title={{S}earching for activation functions},
  author={Ramachandran, Prajit and Zoph, Barret and Le, Quoc V},
  journal={arXiv preprint arXiv:1710.05941},
  year={2017}
}

@article{hinton2012improving,
  title={{I}mproving neural networks by preventing co-adaptation of feature detectors},
  author={Hinton, Geoffrey E and Srivastava, Nitish and Krizhevsky, Alex and Sutskever, Ilya and Salakhutdinov, Ruslan R},
  journal={arXiv preprint arXiv:1207.0580},
  year={2012}
}

@inproceedings{dahl2013improving,
  title={{I}mproving deep neural networks for {LVCSR} using rectified linear units and dropout},
  author={Dahl, George E and Sainath, Tara N and Hinton, Geoffrey E},
  booktitle={2013 IEEE International Conference on Acoustics, Speech and Signal Processing},
  pages={8609--8613},
  year={2013},
  organization={IEEE}
}
@article{srivastava2014dropout,
  title={{D}ropout: a simple way to prevent neural networks from overfitting},
  author={Srivastava, Nitish and Hinton, Geoffrey and Krizhevsky, Alex and Sutskever, Ilya and Salakhutdinov, Ruslan},
  journal={The Journal of Machine Learning Research},
  volume={15},
  number={1},
  pages={1929--1958},
  year={2014},
  publisher={JMLR. org}
}


@inproceedings{glorot2011deep,
  title={{D}eep sparse rectifier neural networks},
  author={Glorot, Xavier and Bordes, Antoine and Bengio, Yoshua},
  booktitle={Proceedings of the fourteenth International Conference on Artificial Intelligence and Statistics},
  pages={315--323},
  year={2011},
  organization={JMLR Workshop and Conference Proceedings}
}

@Article{nilsson2013eye,
  Title				={Eye evolution and its functional basis},
  Author			={Nilsson, Dan-E},
  Journal			={Visual neuroscience},
 Volume			={30},
  Number			={1-2},
 Pages				={5--20},
  Year				={2013},
  Publisher			={Cambridge University Press}
}
@article{ba2016layer,
  title={{L}ayer normalization},
  author={Ba, Jimmy Lei and Kiros, Jamie Ryan and Hinton, Geoffrey E},
  journal={arXiv preprint arXiv:1607.06450},
  year={2016}
}


@article{hubel1963shape,
  title={{S}hape and arrangement of columns in cat's striate cortex},
  author={Hubel, David H and Wiesel, TN},
  journal={The Journal of Physiology},
  volume={165},
  number={3},
  pages={559--568},
  year={1963},
  publisher={Wiley Online Library}
}

@article{hubel1968receptive,
  title={{R}eceptive fields and functional architecture of monkey striate cortex},
  author={Hubel, David H and Wiesel, Torsten N},
  journal={The Journal of Physiology},
  volume={195},
  number={1},
  pages={215--243},
  year={1968},
  publisher={Wiley Online Library}
}

@article{hubel1959receptive,
  title={{R}eceptive fields of single neurones in the cat's striate cortex},
  author={Hubel, David H and Wiesel, Torsten N},
  journal={The Journal of Physiology},
  volume={148},
  number={3},
  pages={574--591},
  year={1959},
  publisher={Wiley Online Library}
}


@article{sharma2018analysis,
  title={{A}n analysis of convolutional neural networks for image classification},
  author={Sharma, Neha and Jain, Vibhor and Mishra, Anju},
  journal={Procedia Computer Science},
  volume={132},
  pages={377--384},
  year={2018},
  publisher={Elsevier}
}

@InProceedings{girshick2014rich,
  title={{R}ich feature hierarchies for accurate object detection and semantic segmentation},
  author={Girshick, Ross and Donahue, Jeff and Darrell, Trevor and Malik, Jitendra},
  booktitle={Proceedings of the IEEE Conference on Computer Vision and Pattern Recognition},
  pages={580--587},
  year={2014}
}
@article{uijlings2013selective,
  title={{S}elective search for object recognition},
  author={Uijlings, Jasper RR and Van De Sande, Koen EA and Gevers, Theo and Smeulders, Arnold WM},
  journal={International Journal of Computer Vision},
  volume={104},
  number={2},
  pages={154--171},
  year={2013},
  publisher={Springer}
}
@inproceedings{girshick2015fast,
  title={{F}ast r-cnn},
  author={Girshick, Ross},
  booktitle={Proceedings of the IEEE International Conference on Computer Vision},
  pages={1440--1448},
  year={2015}
}
@article{ren2015faster,
  title={{F}aster r-cnn: {T}owards real-time object detection with region proposal networks},
  author={Ren, Shaoqing and He, Kaiming and Girshick, Ross and Sun, Jian},
  journal={arXiv preprint arXiv:1506.01497},
  year={2015}
}
@inproceedings{redmon2016you,
  title={{Y}ou only look once: {U}nified, real-time object detection},
  author={Redmon, Joseph and Divvala, Santosh and Girshick, Ross and Farhadi, Ali},
  booktitle={Proceedings of the IEEE Conference on Computer Vision and Pattern Recognition},
  pages={779--788},
  year={2016}
}

@article{felzenszwalb2004efficient,
  title={{E}fficient graph-based image segmentation},
  author={Felzenszwalb, Pedro F and Huttenlocher, Daniel P},
  journal={International Journal of Computer Vision},
  volume={59},
  number={2},
  pages={167--181},
  year={2004},
  publisher={Springer}
}

@article{szegedy2013deep,
  title={{D}eep neural networks for object detection},
  author={Christian, Szegedy and Toshev, Alexander and Erhan, Dumitru},
  journal={Advances in Neural Information Processing Systems},
  volume={26},
  pages={1--9},
  year={2013}
}

@Article{everingham2015pascal,
  title={{T}he pascal visual object classes challenge: {A} retrospective},
  author={Everingham, Mark and Eslami, SM Ali and Van Gool, Luc and Williams, Christopher KI and Winn, John and Zisserman, Andrew},
  journal={International Journal of Computer Vision},
  volume={111},
  number={1},
  pages={98--136},
  year={2015},
  publisher={Springer}
}


% artykul w czasopismie
@Article{bib:neural1,
  Title                    = {{A} logical calculus of the ideas immanent in nervous activity},
  Author                   = {Warren S. McCulloch Walter Pitts i in.},
  Journal                  = {The Bulletin of Mathematical Biophysics},
  Year                     = {1943},
  Number                   = {},
  Pages                    = {115-133},
  Volume                   = {}
  }
% artykul w czasopismie
@Article{bib:cancer,
  Title                    = {{I}nternational evaluation of an {AI} system for breast cancer screening},
  Author                   = {S. McKinney i in.},
  Journal                  = {Nature},
  Year                     = {2020},
  Number                   = {7788},
  Pages                    = {89–94},
  Volume                   = {577}
}

@article {service2020game,
	author = {Service, Robert F.},
	title = {{\textquoteleft}{T}he game has changed.{\textquoteright} {AI} triumphs at protein folding},
	volume = {370},
	number = {6521},
	pages = {1144--1145},
	year = {2020},
	doi = {10.1126/science.370.6521.1144},
	publisher = {American Association for the Advancement of Science},
	issn = {0036-8075},
	URL = {https://science.sciencemag.org/content/370/6521/1144},
	eprint = {https://science.sciencemag.org/content/370/6521/1144.full.pdf},
	journal = {Science}
}

% artykul w czasopismie
@Article{bib:cancer2,
  Title                    = {{E}ffect of artificial intelligence-based triaging of breast cancer screening mammograms on cancer detection and radiologist workload: a retrospective simulation study},
  Author                   = {K. Dembower i in.},
  Journal                  = {The Lancet},
  Year                     = {2020},
  Number                   = {9},
  Pages                    = {e468-e474},
  Volume                   = {2}
}

% artykul konferencyjny
@InProceedings{bib:konferencja,
  Title                    = {Tytu{\l} artyku{\l}u konferencyjnego},
  Author                   = {Imi{\k{e}} Nazwisko and Nazwisko, Imi{\k{e}} and Imi{\k{e}} I. Nazwisko},
  Booktitle                = {Nazwa konferecji},
  Year                     = {2006}, 
  Pages                    = {5346--5349}
}

% zrodlo internetowe

@misc{PASCAL,
  author = {},
  title = {{T}he {PASCAL} {V}isual {O}bject {C}lasses {H}omepage},
  howpublished = {\url{http://host.robots.ox.ac.uk/pascal/VOC/}},
  note = {[data dostępu: 2021-01-28]}
}
@misc{Yale,
  author = {},
  title = {{T}he {Y}ale {F}ace {D}atabase},
  howpublished = {\url{http://cvc.cs.yale.edu/cvc/projects/yalefaces/yalefaces.html}},
  note = {[data dostępu: 2021-01-28]}
}
@inproceedings{savran2008bosphorus,
  title={{B}osphorus database for {3D} face analysis},
  author={Savran, Arman and Aly{\"u}z, Ne{\c{s}}e and Dibeklio{\u{g}}lu, Hamdi and {\c{C}}eliktutan, Oya and G{\"o}kberk, Berk and Sankur, B{\"u}lent and Akarun, Lale},
  booktitle={European Workshop on Biometrics and Identity Management},
  pages={47--56},
  year={2008},
  organization={Springer}
}

@misc{Cas,
  author = {},
  title = {BIT Face Databases},
  howpublished = {\url{http://english.ia.cas.cn/db/201610/t20161026_169405.html}},
  note = {[data dostępu: 2021-01-28]}
}
@inproceedings{lyons1998coding,
  title={{C}oding facial expressions with gabor wavelets},
  author={Lyons, Michael and Akamatsu, Shigeru and Kamachi, Miyuki and Gyoba, Jiro},
  booktitle={Proceedings Third IEEE International Conference on Automatic Face and Gesture Recognition},
  pages={200--205},
  year={1998},
  organization={IEEE}
}
@article{kollias2019expression,
  title={{E}xpression, affect, action unit recognition: {A}ff-wild2, multi-task learning and arcface},
  author={Kollias, Dimitrios and Zafeiriou, Stefanos},
  journal={arXiv preprint arXiv:1910.04855},
  year={2019}
}

@inproceedings{zafeiriou2017aff,
  title={{A}ff-wild: valence and arousal'{I}n-the-{W}ild'challenge},
  author={Zafeiriou, Stefanos and Kollias, Dimitrios and Nicolaou, Mihalis A and Papaioannou, Athanasios and Zhao, Guoying and Kotsia, Irene},
  booktitle={Proceedings of the IEEE Conference on Computer Vision and Pattern Recognition Workshops},
  pages={34--41},
  year={2017}
}

@InProceedings{Rothe-ICCVW-2015,
  author = {Rasmus Rothe and Radu Timofte and Luc Van Gool},
  title = {{DEX}: {D}eep {EX}pectation of apparent age from a single image},
  booktitle = {IEEE International Conference on Computer Vision Workshops (ICCVW)},
  year = {2015},
  month = {December},
}
@inproceedings{ng2014data,
  title={A data-driven approach to cleaning large face datasets},
  author={Ng, Hong-Wei and Winkler, Stefan},
  booktitle={2014 IEEE International Conference on image processing (ICIP)},
  pages={343--347},
  year={2014},
  organization={IEEE}
}

@article{bowyer2006survey,
  title={A survey of approaches and challenges in {3D} and multi-modal {3D}+ {2D} face recognition},
  author={Bowyer, Kevin W and Chang, Kyong and Flynn, Patrick},
  journal={Computer Vision and Image Understanding},
  volume={101},
  number={1},
  pages={1--15},
  year={2006},
  publisher={Elsevier}
}

@book{bishop1995neural,
  title={{N}eural networks for pattern recognition},
  author={Bishop, Christopher M and others},
  year={1995},
  publisher={Oxford University Press}
}

@ARTICLE{8118,

  author={J. J. {Hopfield}},

  journal={IEEE Circuits and Devices Magazine}, 

  title={{A}rtificial {N}eural {N}etworks}, 

  year={1988},

  volume={4},

  number={5},

  pages={3-10},

  doi={10.1109/101.8118}}


 
